<record><leader>00000cas a22000007a 4500</leader><controlfield tag="001">12725441</controlfield><controlfield tag="008">851026d191619uualuwr ne      0    0eng d</controlfield><datafield ind1=" " ind2=" " tag="010"><subfield code="a">sn 85045032 </subfield></datafield><datafield ind1=" " ind2=" " tag="040"><subfield code="a">CPN</subfield><subfield code="b">eng</subfield><subfield code="c">CPN</subfield><subfield code="d">OCLCQ</subfield></datafield><datafield ind1=" " ind2=" " tag="042"><subfield code="a">msc</subfield></datafield><datafield ind1="0" ind2="4" tag="245"><subfield code="a">The Town Creek booster &amp; the Leighton news.</subfield></datafield><datafield ind1="3" ind2="0" tag="246"><subfield code="a">Town Creek booster and the Leighton news</subfield></datafield><datafield ind1=" " ind2=" " tag="260"><subfield code="a">Town Creek, Ala. :</subfield><subfield code="b">Fred O. Field,</subfield><subfield code="c">1916-</subfield></datafield><datafield ind1=" " ind2=" " tag="300"><subfield code="a">v. :</subfield><subfield code="b">ill. ;</subfield><subfield code="c">57 cm.</subfield></datafield><datafield ind1=" " ind2=" " tag="310"><subfield code="a">Weekly</subfield></datafield><datafield ind1="0" ind2=" " tag="362"><subfield code="a">Vol. 1, no. 14 (Mar. 3, 1916)-</subfield></datafield><datafield ind1=" " ind2=" " tag="752"><subfield code="a">United States</subfield><subfield code="b">Alabama</subfield><subfield code="c">Lawrence</subfield><subfield code="d">Town Creek.</subfield></datafield><datafield ind1="0" ind2="4" tag="780"><subfield code="t">Leighton news</subfield><subfield code="w">(DLC)sn 85044972</subfield></datafield><datafield ind1="0" ind2="4" tag="780"><subfield code="t">Town Creek booster</subfield><subfield code="w">(DLC)sn 86050466</subfield></datafield></record>